<record><leader>00000cas a22000007a 4500</leader><controlfield tag="001">18120166</controlfield><controlfield tag="008">880622d19081920nduwr ne      0    0eng d</controlfield><datafield ind1=" " ind2=" " tag="010"><subfield code="a">sn 87096005 </subfield></datafield><datafield ind1=" " ind2=" " tag="040"><subfield code="a">NOP</subfield><subfield code="b">eng</subfield><subfield code="c">NOP</subfield><subfield code="d">OCLCQ</subfield></datafield><datafield ind1=" " ind2=" " tag="042"><subfield code="a">msc</subfield></datafield><datafield ind1="0" ind2="4" tag="245"><subfield code="a">The Belfield times.</subfield></datafield><datafield ind1=" " ind2=" " tag="260"><subfield code="a">Belfield, Stark County, N.D. :</subfield><subfield code="b">Harry Dence</subfield></datafield><datafield ind1=" " ind2=" " tag="300"><subfield code="a">12 v. :</subfield><subfield code="b">ill. ;</subfield><subfield code="c">54 cm.</subfield></datafield><datafield ind1=" " ind2=" " tag="310"><subfield code="a">Weekly</subfield></datafield><datafield ind1="0" ind2=" " tag="362"><subfield code="a">Vol. 1, no. 1 (Nov. 27, 1908)-v. 12, no. 10 (Jan. 16, 1920).</subfield></datafield><datafield ind1=" " ind2=" " tag="500"><subfield code="a">"Official paper for Stark County and Village of Belfield."</subfield></datafield><datafield ind1=" " ind2=" " tag="530"><subfield code="a">Available on microfilm from the State Historical Society of North Dakota.</subfield></datafield><datafield ind1=" " ind2=" " tag="580"><subfield code="a">Continued by: "Belfield review" following a suspension from Jan. 17 to July 9, 1920.</subfield></datafield><datafield ind1=" " ind2=" " tag="752"><subfield code="a">United States</subfield><subfield code="b">North Dakota</subfield><subfield code="c">Stark</subfield><subfield code="d">Belfield.</subfield></datafield><datafield ind1="1" ind2="0" tag="785"><subfield code="t">Belfield review</subfield><subfield code="w">(DLC)sn 87096006</subfield></datafield></record>